@BOOK{Donea2003,
  title = {Finite Element Methods for Flow Problems},
  year = {2003},
  author = {Donea, Jean and Huerta, Antonio},
  publisher = {John Wiley \& Sons, Ltd.},
  isbn = {0471496669}
}
@BOOK{Leveque2002,
  title = {Finite volume methods for hyperbolic problems},
  publisher = {Cambridge University Press},
  year = {2002},
  author = {LeVeque, R J},
}
@PhDThesis{Wilson2009,
  author	= {C. R. Wilson},
  school	= {Imperial College London},
  title		= {Modelling multiple-material flows on adaptive,
		  unstructured meshes},
  year		= {2009}
}
@Article{Cockburn2001,
  author	= {B. Cockburn and C-W. Shu},
  title		= {{Runge-Kutta Discontinuous Galerkin Methods for
		  Convection-Dominated Problems}},
  journal	= {Journal of Scientific Computing},
  year		= {2001},
  volume	= {16},
  pages		= {173--261},
  number	= {3}
}
@Book{Pope2000,
  author         = {Pope, Stephen B.},
  title          = {Turbulent Flows},
  publisher      = {Cambridge University Press},
  year           = {2000}
}
@Book{Wilcox1998,
  author	= {Wilcox, D.C.},
  publisher	= {DCW industries La Canada, CA},
  title		= {Turbulence modeling for {CFD}},
  year		= {1998}
}
@Article{Umlauf2003,
  author	= {L. Umlauf and H. Burchard},
  title		= {A generic length-scale equation for geophysical turbulence
		  models},
  journal	= {Journal of Marine Research},
  year		= {2003},
  volume	= {61},
  pages		= {235-265(31)},
  doi		= {10.1357/002224003322005087},
  timestamp	= {2009.07.15}
}
@Article{Umlauf2005,
  author	= {Umlauf, L and Burchard, H},
  title		= {{Second-order turbulence closure models for geophysical
		  boundary layers. A review of recent work}},
  journal	= {{Continental Shelf Research}},
  year		= {{2005}},
  volume	= {{25}},
  pages		= {{795-827}},
  doi		= {{10.1016/j.csr.2004.08.004}}
}
@article{Hill2012,
  title={On the performance of a generic length scale turbulence model within an adaptive finite element ocean model},
  author={Hill, Jon and Piggott, MD and Ham, David A and Popova, EE and Srokosz, MA},
  journal={Ocean Modelling},
  year={2012},
  publisher={Elsevier}
}
@Article{Kramer2010,
  author	= {Kramer, Stephan C. and Cotter, Colin J. and Pain,
		  Christopher C.},
  title		= {Solving the Poisson equation on small aspect ratio
		  domains using unstructured meshes},
  journal	= {Ocean Modelling},
  volume        = {35},
  number        = {3},
  pages         = {253--263},
  year		= {2010},
  doi           = {10.1016/j.pepi.2012.01.001}
}
@book{Saad1996,
  title={Iterative methods for sparse linear systems},
  author={Saad, Yousef},
  volume={620},
  year={1996},
  publisher={PWS publishing company Boston}
}
@Article{Gresho1988,
  author	= {P. M. Gresho and S. T. Chan},
  title		= {Solving the incompressible Navier-Stokes equations using
		  consistent mass and a pressure poisson equation},
  journal	= {ASME Symposium on recent development in CFD, Chicago 95},
  year		= {1988},
  pages		= {51 - 73}
}
@Article{Cotter2009,
  author	= {{Cotter}, C.~J. and {Ham}, D.~A. and {Pain}, C.~C.},
  title		= "{A mixed discontinuous/continuous finite element pair for
		  shallow-water ocean modelling}",
  journal	= {Ocean Modelling},
  year		= 2009,
  volume	= 26,
  pages		= {86--90}
}
@Article{Pain2001,
  author	= {C. C. Pain and A. P. Umpleby and C. R. E. de Oliveira and
		  A. J. H. Goddard},
  doi		= {10.1016/S0045-7825(00)00294-2},
  journal	= {Computer Methods in Applied Mechanics and Engineering},
  number	= {29-30},
  pages		= {3771-3796},
  title		= {Tetrahedral mesh optimisation and adaptivity for
		  steady-state and transient finite element calculations},
  volume	= {190},
  year		= {2001},
  bdsk-url-1	= {http://dx.doi.org/10.1016/S0045-7825(00)00294-2}
}
@article{Pain2005,
  title={Three-dimensional unstructured mesh ocean modelling},
  author={Pain, CC and Piggott, MD and Goddard, AJH and Fang, F and Gorman, GJ and Marshall, DP and Eaton, MD and Power, PW and De Oliveira, CRE},
  journal={Ocean Modelling},
  volume={10},
  number={1},
  pages={5--33},
  year={2005},
  publisher={Elsevier}
}
@Book{Gresho1998,
  author	= {P. M. Gresho and R. L. Sani},
  publisher	= {John {W}iley and {S}ons},
  title		= {Incompressible {F}low and the {F}inite {E}lement
		  {M}ethod},
  year		= {1998}
}
