@article{Geuzaine_Remacle_2009, title={Gmsh: A 3-D finite element mesh generator with built-in pre- and post-processing facilities}, volume={79}, url={http://doi.wiley.com/10.1002/nme.2579}, number={11}, journal={International Journal for Numerical Methods in Engineering}, publisher={Wiley Online Library}, author={Geuzaine, Christophe and Remacle, Jean-Fran√ßois}, year={2009}, pages={1309--1331}}

@article{lambrechts_et_al:2008,
  title = {Multiscale mesh generation on the sphere},
  author = {Lambrechts, Jonathan and Comblen, Richard and 
            Legat, Vincend and Geuzaine, Christophe and Remacle, Jean-Franc\c{o}is},
  journal = {Ocean dynamics},
  volume = {58},
  pages = {461-473},
  DOI = {10.1007/s10236-008-0148-3},
  year = 2008
}

@article{wessel_smith:1996,
        Title = {A Global Self-consistent, Hierarchical, High-resolution
                 Shoreline Database},
        Author = {Wessel, P and W H F Smith},
        Journal = {Journal of Geophysical Research},
        Keywords = {Shoreline database},
        Month = {April},
        Number = {B4},
        Pages = {8741-8743},
        Volume = {101},
        Year = {1996}
}
